
@online{valgrind,
	author = {Nichols, Julian and Nethercote, Nicholas},
	title = {Valgrind},
	url = {http://valgrind.org/},
	urldate = {2024-03-10}
}

@manual{openmp,
	title = {OpenMP Application Program Interface},
	author = {{OpenMP Architecture Review Board}},
	organization = {{OpenMP Architecture Review Board}},
	year = {2019},
	url = {https://www.openmp.org/wp-content/uploads/OpenMP-API-Specification-5.0.pdf}
}



